@online{WorldInternetStatics,
  author = {Miniwatts Marketing Group},
  	title = {World Internet Users Statistics Usage and World Population Stats},
	month = dec,
	year = {2013},
  	url = {http://www.internetworldstats.com/stats.htm},
  	urldate = {2013-12-14}
}

@article{Codd:1970:RMD:362384.362685,
 author = {Codd, E. F.},
 title = {A Relational Model of Data for Large Shared Data Banks},
 journal = {Commun. ACM},
 issue_date = {June 1970},
 volume = {13},
 number = {6},
 month = jun,
 year = {1970},
 issn = {0001-0782},
 pages = {377--387},
 numpages = {11},
 url = {http://doi.acm.org/10.1145/362384.362685},
 doi = {10.1145/362384.362685},
 acmid = {362685},
 publisher = {ACM},
 address = {New York, NY, USA},
 keywords = {composition, consistency, data bank, data base, data integrity, data organization, data structure, derivability, hierarchies of data, join, networks of data, predicate calculus, redundancy, relations, retrieval language, security}
} 

@online{vsChart,
  author = {Heinze, Florian},
  	title = {vsChart.com – The Comparison Wiki},
	month = dec,
	year = {2013},
  	url = {http://vschart.com/},
  	urldate = {2013-12-14}
}

@online{categorizatie-pop10b,
  author = {Popescu, Alex},
  	title = {Presentation: NoSQL at CodeMash – An Interesting NoSQL categoriza- tion.},
	month = Feb,
	year = {2010},
  	url = {http://nosql.mypopescu.com/post/396337069/presentation-nosql-codemash-an-interesting-nosql},
  	urldate = {2014-02-03}
}

@online{categorizatie-sco10,
  author = {Scofield, Ben},
  	title = {NoSQL – Death to Relational Databases(?)},
	month = jan,
	year = {2010},
  	url = {http://www.slideshare.net/bscofield/nosql-codemash-2010},
  	urldate = {2013-02-03}
}
@online{postgresql-clustering,
  author = {Postgresql},
  	title = {PostgreSQL - Replication, Clustering, and Connection Pooling},
	month = oct,
	year = {2013},
  	url = {http://wiki.postgresql.org/wiki/Replication,_Clustering,_and_Connection_Pooling},
  	urldate = {2013-02-03}
}

@online{mongodb-replicaset,
  	title = {Replication Introduction},
  	url = {http://docs.mongodb.org/manual/core/replication-introduction/},
  	urldate = {2014-02-04}
}

@online{mongodb-shard,
  	title = {Sharding Introduction},
  	url = {http://docs.mongodb.org/manual/core/sharding-introduction/},
  	urldate = {2014-02-04}
}

@book{Strauch.NoSQL,
 author = {Strauch, Christof},
 title = {NoSQL Databases},
 year = {2010},
 url = {http://www.christof-strauch.de/nosqldbs.pdf},
 keywords = {CAP theorem, NoSQL database, cloud computing, horizontal data distribution, horizontal scaling, vertical scaling, weak consistency}
} 

@article{Lakshman:2010:CDS:1773912.1773922,
 author = {Lakshman, Avinash and Malik, Prashant},
 title = {Cassandra: A Decentralized Structured Storage System},
 journal = {SIGOPS Oper. Syst. Rev.},
 issue_date = {April 2010},
 volume = {44},
 number = {2},
 month = apr,
 year = {2010},
 issn = {0163-5980},
 pages = {35--40},
 numpages = {6},
 url = {http://doi.acm.org/10.1145/1773912.1773922},
 doi = {10.1145/1773912.1773922},
 acmid = {1773922},
 publisher = {ACM},
 address = {New York, NY, USA},
} 

@inproceedings{Brewer:2000:TRD:343477.343502,
 author = {Brewer, Eric A.},
 title = {Towards Robust Distributed Systems (Abstract)},
 booktitle = {Proceedings of the Nineteenth Annual ACM Symposium on Principles of Distributed Computing},
 series = {PODC '00},
 year = {2000},
 isbn = {1-58113-183-6},
 location = {Portland, Oregon, USA},
 pages = {7--},
 url = {http://doi.acm.org/10.1145/343477.343502},
 doi = {10.1145/343477.343502},
 acmid = {343502},
 publisher = {ACM},
} 

@article{gray2007data,
  title={Data Management: Past, Present, and Future},
  author={Gray, Jim},
  journal={arXiv preprint cs/0701156},
  year={2007}
}

@article{codd1970relational,
  title={A relational model of data for large shared data banks},
  author={Codd, Edgar F},
  journal={Communications of the ACM},
  volume={13},
  number={6},
  pages={377--387},
  year={1970},
  publisher={ACM}
}

@book{Elmasri:2010:FDS:1855347,
 author = {Elmasri, Ramez and Navathe, Shamkant},
 title = {Fundamentals of Database Systems},
 year = {2010},
 isbn = {0136086209, 9780136086208},
 edition = {6th},
 publisher = {Addison-Wesley Publishing Company},
 address = {USA},
} 

