 @article{brewer2012cap,
   title={CAP twelve years later: How the" rules" have changed},
   author={Brewer, Eric},
   journal={Computer},
   volume={45},
   number={2},
   pages={23--29},
   year={2012},
   publisher={IEEE}
 }
 
 @inproceedings{brewer2000towards,
   title={Towards robust distributed systems},
   author={Brewer, Eric A},
   booktitle={PODC},
   pages={7},
   year={2000}
 }
 
 @online{hbase-doc,
   	title = {HBase, Apache HBase},
   	url = {https://hbase.apache.org/},
   	urldate = {2014-07-17}
 }
 
 @article{chang2008bigtable,
   title={Bigtable: A distributed storage system for structured data},
   author={Chang, Fay and Dean, Jeffrey and Ghemawat, Sanjay and Hsieh, Wilson C and Wallach, Deborah A and Burrows, Mike and Chandra, Tushar and Fikes, Andrew and Gruber, Robert E},
   journal={ACM Transactions on Computer Systems (TOCS)},
   volume={26},
   number={2},
   pages={4},
   year={2008},
   publisher={ACM}
 }
 
 @book{george2011hbase,
   title={HBase: the definitive guide},
   author={George, Lars},
   year={2011},
   publisher={" O'Reilly Media, Inc."}
 }
 
 @online{hbase-acid,
   	title = {HBase: Acid in HBase},
   	author = {Lars Hofhansl}, 
   	url = {http://hadoop-hbase.blogspot.be/2012/03/acid-in-hbase.html},
   	year = {2012},
   	month = {3},
   	day = {21},
   	urldate = {2014-07-10}
 }
 
  @online{mongodb-doc,
    	title = {The MongoDB 2.6 Manuel},
    	url = {http://docs.mongodb.org/manual/},
    	urldate = {2014-07-17}
  }
  
  @inproceedings{cooper2010benchmarking,
    title={Benchmarking cloud serving systems with YCSB},
    author={Cooper, Brian F and Silberstein, Adam and Tam, Erwin and Ramakrishnan, Raghu and Sears, Russell},
    booktitle={Proceedings of the 1st ACM symposium on Cloud computing},
    pages={143--154},
    year={2010},
    organization={ACM}
  }