@online{WorldInternetStatics,
  author = {Miniwatts Marketing Group},
  	title = {World Internet Users Statistics Usage and World Population Stats},
	month = dec,
	year = {2013},
  	url = {http://www.internetworldstats.com/stats.htm},
  	urldate = {2013-12-14}
}

@article{Codd:1970:RMD:362384.362685,
 author = {Codd, E. F.},
 title = {A Relational Model of Data for Large Shared Data Banks},
 journal = {Commun. ACM},
 issue_date = {June 1970},
 volume = {13},
 number = {6},
 month = jun,
 year = {1970},
 issn = {0001-0782},
 pages = {377--387},
 numpages = {11},
 url = {http://doi.acm.org/10.1145/362384.362685},
 doi = {10.1145/362384.362685},
 acmid = {362685},
 publisher = {ACM},
 address = {New York, NY, USA},
 keywords = {composition, consistency, data bank, data base, data integrity, data organization, data structure, derivability, hierarchies of data, join, networks of data, predicate calculus, redundancy, relations, retrieval language, security}
} 

@online{vsChart,
  author = {Heinze, Florian},
  	title = {vsChart.com â€“ The Comparison Wiki},
	month = dec,
	year = {2013},
  	url = {http://vschart.com/},
  	urldate = {2013-12-14}
}

@book{Strauch.NoSQL,
 author = {Strauch, Christof},
 title = {NoSQL Databases},
 year = {2010},
 url = {http://www.christof-strauch.de/nosqldbs.pdf},
 keywords = {CAP theorem, NoSQL database, cloud computing, horizontal data distribution, horizontal scaling, vertical scaling, weak consistency}
} 

@inproceedings{Brewer:2000:TRD:343477.343502,
 author = {Brewer, Eric A.},
 title = {Towards Robust Distributed Systems (Abstract)},
 booktitle = {Proceedings of the Nineteenth Annual ACM Symposium on Principles of Distributed Computing},
 series = {PODC '00},
 year = {2000},
 isbn = {1-58113-183-6},
 location = {Portland, Oregon, USA},
 pages = {7--},
 url = {http://doi.acm.org/10.1145/343477.343502},
 doi = {10.1145/343477.343502},
 acmid = {343502},
 publisher = {ACM},
} 

